
@Misc{cite1,
  key    = "web:cite1",
  author = "{H. ELIAS}",
  title =  "{Cloud Cover}",
  note   = "\\ \href{http://freespace.virgin.net/hugo.elias/models/m\_clouds.htm}{http://freespace.virgin.net/hugo.elias/models/m\_clouds.htm}",
}

@Misc{cite2,
  key    = "web:cite2",
  author = "{Herman TULLEKEN}",
  title =  "{How to Use Perlin Noise in Your Games}",
  note   = "\\ \href{http://devmag.org.za/2009/04/25/perlin-noise/}{http://devmag.org.za/2009/04/25/perlin-noise/}",
}

@Misc{cite3,
  key    = "web:cite3",
  author = "{F. MULDER, D. SCULLY}",
  title =  "{Paranormální jevy}",
  note   = "\\ \href{http://cs.wikipedia.org/wiki/Akta\_X}{http://cs.wikipedia.org/wiki/Akta\_X}",
}
